@article{li2009fast,
  title={Fast and accurate short read alignment with Burrows--Wheeler transform},
  author={Li, Heng and Durbin, Richard},
  journal={Bioinformatics},
  volume={25},
  number={14},
  pages={1754--1760},
  year={2009},
  publisher={Oxford Univ Press}
}

@article{baucom2009exceptional,
  title={Exceptional diversity, non-random distribution, and rapid evolution of retroelements in the B73 maize genome},
  author={Baucom, Regina S and Estill, James C and Chaparro, Cristian and Upshaw, Naadira and Jogi, Ansuya and Deragon, Jean-Marc and Westerman, Richard P and SanMiguel, Phillip J and Bennetzen, Jeffrey L},
  journal={PLoS Genetics},
  volume={5},
  number={11},
  pages={e1000732},
  year={2009},
  publisher={Public Library of Science}
}

@article{diez2013genome,
  title={Genome size variation in wild and cultivated maize along altitudinal gradients},
  author={D{\'\i}ez, Concepci{\'o}n M and Gaut, Brandon S and Meca, Esteban and Scheinvar, Enrique and Montes-Hernandez, Salvador and Eguiarte, Luis E and Tenaillon, Maud I},
  journal={New Phytologist},
  volume={199},
  number={1},
  pages={264--276},
  year={2013},
  publisher={Wiley Online Library}
}